% This file was created with JabRef 2.10.
% Encoding: ISO8859_1


@InProceedings{Lam2012,
  Title                    = {Invitation-Oriented TGDH: Key Management for Dynamic Groups in an Asynchronous Communication Model},
  Author                   = {Lam, Istvan and Szebeni, Szilveszter and Buttyan, Levente},
  Booktitle                = {Proceedings of the 2012 41st International Conference on Parallel Processing Workshops},
  Year                     = {2012},

  Address                  = {Washington, DC, USA},
  Pages                    = {269--276},
  Publisher                = {IEEE Computer Society},
  Series                   = {ICPPW '12},

  Acmid                    = {2410476},
  Doi                      = {10.1109/ICPPW.2012.40},
  ISBN                     = {978-0-7695-4795-4},
  Keywords                 = {group-key agreement, dynamic groups, self-balancing key-tree},
  Numpages                 = {8},
  Owner                    = {ben8},
  Timestamp                = {2015.05.20},
  Url                      = {http://dx.doi.org/10.1109/ICPPW.2012.40}
}

@InProceedings{Lam2012a,
  Title                    = {Tresorium: Cryptographic File System for Dynamic Groups over Untrusted Cloud Storage},
  Author                   = {Lam, Istvan and Szebeni, Szilveszter and Buttyan, Levente},
  Booktitle                = {Proceedings of the 2012 41st International Conference on Parallel Processing Workshops},
  Year                     = {2012},

  Address                  = {Washington, DC, USA},
  Pages                    = {296--303},
  Publisher                = {IEEE Computer Society},
  Series                   = {ICPPW '12},

  Acmid                    = {2410480},
  Doi                      = {10.1109/ICPPW.2012.44},
  ISBN                     = {978-0-7695-4795-4},
  Keywords                 = {Untrusted Cloud, Dynamic Groups, Cryptographic File System, Collaborative work},
  Numpages                 = {8},
  Owner                    = {ben8},
  Timestamp                = {2015.05.20},
  Url                      = {http://dx.doi.org/10.1109/ICPPW.2012.44}
}

